@manual{glui,
      title  = "GLUI Framework",
      note   = "\url{http://glui.sourceforge.net/}",
  }